@article{gomez2012overview,
  title={Overview and evaluation of bluetooth low energy: An emerging low-power wireless technology},
  author={Gomez, Carles and Oller, Joaquim and Paradells, Josep},
  journal={Sensors},
  volume={12},
  number={9},
  pages={11734--11753},
  year={2012},
  publisher={Molecular Diversity Preservation International}
}